<record><leader>00000cas a22000007a 4500</leader><controlfield tag="001">30373959</controlfield><controlfield tag="008">940503d19111911okuwr ne      0    0eng d</controlfield><datafield ind1=" " ind2=" " tag="010"><subfield code="a">sn 94058816 </subfield></datafield><datafield ind1=" " ind2=" " tag="040"><subfield code="a">OBN</subfield><subfield code="b">eng</subfield><subfield code="c">OBN</subfield><subfield code="d">OCL</subfield><subfield code="d">OCLCQ</subfield><subfield code="d">OCLCF</subfield><subfield code="d">OCLCO</subfield></datafield><datafield ind1="1" ind2=" " tag="029"><subfield code="a">AU@</subfield><subfield code="b">000010972799</subfield></datafield><datafield ind1=" " ind2=" " tag="042"><subfield code="a">msc</subfield></datafield><datafield ind1="0" ind2="0" tag="245"><subfield code="a">McCurtain County beacon.</subfield></datafield><datafield ind1=" " ind2=" " tag="260"><subfield code="a">Idabel, Okla. :</subfield><subfield code="b">C.J. Stewart</subfield></datafield><datafield ind1=" " ind2=" " tag="300"><subfield code="a">v.</subfield></datafield><datafield ind1=" " ind2=" " tag="310"><subfield code="a">Weekly</subfield></datafield><datafield ind1="0" ind2=" " tag="362"><subfield code="a">Vol. 1, no. 1 (Jan. 5, 1911)-v. 1, no. 24 (June 16, 1911).</subfield></datafield><datafield ind1=" " ind2="0" tag="651"><subfield code="a">Idabel (Okla.)</subfield><subfield code="v">Newspapers.</subfield></datafield><datafield ind1=" " ind2="0" tag="651"><subfield code="a">McCurtain County (Okla.)</subfield><subfield code="v">Newspapers.</subfield></datafield><datafield ind1=" " ind2="7" tag="655"><subfield code="a">Newspapers.</subfield><subfield code="2">fast</subfield><subfield code="0">(OCoLC)fst01423814</subfield></datafield><datafield ind1=" " ind2="7" tag="651"><subfield code="a">Oklahoma</subfield><subfield code="z">Idabel.</subfield><subfield code="2">fast</subfield><subfield code="0">(OCoLC)fst01220338</subfield></datafield><datafield ind1=" " ind2="7" tag="651"><subfield code="a">Oklahoma</subfield><subfield code="z">McCurtain County.</subfield><subfield code="2">fast</subfield><subfield code="0">(OCoLC)fst01248660</subfield></datafield><datafield ind1=" " ind2=" " tag="752"><subfield code="a">United States</subfield><subfield code="b">Oklahoma</subfield><subfield code="c">McCurtain</subfield><subfield code="d">Idabel.</subfield></datafield><datafield ind1="0" ind2="7" tag="785"><subfield code="t">Valliant times</subfield><subfield code="w">(DLC)sn 94058817</subfield><subfield code="w">(OCoLC)30374306</subfield></datafield><datafield ind1="0" ind2="7" tag="785"><subfield code="t">Beacon-times (Idabel, Okla. : 1911)</subfield><subfield code="w">(DLC)sn 94058818</subfield><subfield code="w">(OCoLC)30374416</subfield></datafield></record>